<?xml version="1.0" encoding="UTF-8"?><collection xmlns="http://www.loc.gov/MARC21/slim"><record><leader>00354nam--2200121-i-4500</leader><controlfield tag="001">000006226</controlfield><controlfield tag="002">20161230</controlfield><controlfield tag="005">20161230201026</controlfield><controlfield tag="008">060222s1000------------r-----000-0-eng-d</controlfield><datafield ind1=" " ind2=" " tag="245"><subfield code="a">Neutron absorber materials for reactor control</subfield></datafield><datafield ind1=" " ind2=" " tag="260"><subfield code="a">Washington, U.S.Atomic Energy Commis., 1962 Xvi + 862 P</subfield></datafield><datafield ind1=" " ind2=" " tag="700"><subfield code="a">Anderson, W.K., Theilacker, J.S</subfield></datafield><datafield ind1=" " ind2=" " tag="852"><subfield code="a">18538</subfield></datafield></record></collection>